@inproceedings{kung75,
author    = "H.T. Kung and F. Luccio and F.P. Preparata",
title     = "On Finding the Maxima of a Set of Vectors",
language  = "english",
booktitle = "Journal of ACM 22(4)",
pages     = "469-476",
year      = "1975"
}

@inproceedings{deb00,
author    = "K. Deb and A. Pratap and S. Agarwal and T. Meyarivan",
title     = "A Fast Elitist Multi-Objective Genetic Algorithm: NSGA-II",
language  = "english",
booktitle = "Transactions on Evolutionary Computation 6",
pages     = "182â€“197",
year      = "2000"
}

@inproceedings{jensen03,
author    = "M.T. Jensen",
title     = "Reducing the Run-time Complexity of Multiobjective EAs: The NSGA-II and Other Algorithms",
language  = "english",
booktitle = "Transactions on Evolutionary Computation 7(5)",
pages     = "503-515",
year      = "2003"
}

@inproceedings{fang08,
author    = "H. Fang and Q. Wang and Y.-C. Tu and M. F. Horstemeyer",
title     = "An efficient non-dominated sorting method for evolutionary algorithms",
language  = "english",
booktitle = "Evolutionary Computation 16(3)",
pages     = "355-384",
year      = "2008"
}

@inproceedings{fortin13,
author    = "F.A. Fortin and S. Grenier and M. Parizeau",
title     = "Generalizing the Improved Run-time Complexity Algorithm for Non-dominated Sorting",
language  = "english",
booktitle = "Proceeding of the Fifteenth Annual Conference on Genetic and Evolutionary Computation Conference",
pages     = "615-622",
year      = "ACM, 2013"
}

@inproceedings{buzdalov14,
author    = "M. Buzdalov and A. Shalyto",
title     = "A Provably Asymptotically Fast Version of the Generalized Jensen Algorithm for Non-Dominated Sorting",
language  = "english",
booktitle = "International Conference on Parallel Problem Solving from Nature",
pages     = "528-537",
year      = "2014"
}

@inproceedings{roy16,
author    = "P.C. Roy and Md M. Islam and K. Deb",
title     = "Best order sort: A new algorithm to non-dominated sorting for evolutionary multi-objective optimization",
language  = "english",
booktitle = "Proceedings of the 2016 Genetic and Evolutionary Computation Conference",
pages     = "1113-1120",
year      = "2016"
}

@inproceedings{gupta15,
author    = "S. Gupta and G. Tan",
title     = "A scalable parallel implementation of evolutionary algorithms for multi-objective optimization on GPUs",
language  = "english",
booktitle = "IEEE Congress on Evolutionary Computation",
pages     = "",
year      = "2015"
}
